<record><leader>00000cas a22000007i 4500</leader><controlfield tag="001">862978446</controlfield><controlfield tag="006">m     o  d        </controlfield><controlfield tag="007">cr |n|000|||||</controlfield><controlfield tag="008">850425c18699999tnuwr neo     0   a0eng  </controlfield><datafield ind1=" " ind2=" " tag="010"><subfield code="a">  2014218225</subfield></datafield><datafield ind1=" " ind2=" " tag="040"><subfield code="a">Nz</subfield><subfield code="b">eng</subfield><subfield code="e">rda</subfield><subfield code="c">Z5A</subfield><subfield code="d">DLC</subfield><subfield code="d">OCLCF</subfield></datafield><datafield ind1="0" ind2=" " tag="022"><subfield code="a">2333-293X</subfield><subfield code="2">1</subfield></datafield><datafield ind1="0" ind2=" " tag="029"><subfield code="a">NZ1</subfield><subfield code="b">15127282</subfield></datafield><datafield ind1=" " ind2=" " tag="037"><subfield code="b">P.O. Box 277, Jonesboro, Tenn. 37659</subfield></datafield><datafield ind1=" " ind2=" " tag="042"><subfield code="a">msc</subfield><subfield code="a">nsdp</subfield></datafield><datafield ind1=" " ind2=" " tag="043"><subfield code="a">n-us-tn</subfield></datafield><datafield ind1="1" ind2="0" tag="050"><subfield code="a">ISSN RECORD</subfield></datafield><datafield ind1="0" ind2="0" tag="082"><subfield code="a">071</subfield><subfield code="2">23</subfield></datafield><datafield ind1="0" ind2=" " tag="130"><subfield code="a">Herald and tribune (Jonesborough, Tenn. 1869 : Online)</subfield></datafield><datafield ind1=" " ind2="0" tag="222"><subfield code="a">Herald and tribune</subfield><subfield code="b">(Jonesborough, Tenn. 1869. Online)</subfield></datafield><datafield ind1="1" ind2="0" tag="245"><subfield code="a">Herald and tribune.</subfield></datafield><datafield ind1="1" ind2=" " tag="246"><subfield code="i">Issues for Sept. 10, 1980-Apr. 8, 1981 have title:</subfield><subfield code="a">Herald-tribune</subfield></datafield><datafield ind1=" " ind2="1" tag="264"><subfield code="a">Jonesborough, Tennessee :</subfield><subfield code="b">Dr. C. Wheeler &amp; Dr. M. S. Mahoney,</subfield><subfield code="c">1869-</subfield></datafield><datafield ind1=" " ind2=" " tag="300"><subfield code="a">1 online resource</subfield></datafield><datafield ind1=" " ind2=" " tag="310"><subfield code="a">Weekly</subfield></datafield><datafield ind1=" " ind2=" " tag="336"><subfield code="a">text</subfield><subfield code="b">txt</subfield><subfield code="2">rdacontent</subfield></datafield><datafield ind1=" " ind2=" " tag="337"><subfield code="a">computer</subfield><subfield code="b">c</subfield><subfield code="2">rdamedia</subfield></datafield><datafield ind1=" " ind2=" " tag="338"><subfield code="a">online resource</subfield><subfield code="b">cr</subfield><subfield code="2">rdacarrier</subfield></datafield><datafield ind1="1" ind2=" " tag="362"><subfield code="a">Began with vol. I, no. 1 (August 26, 1869).</subfield></datafield><datafield ind1=" " ind2=" " tag="500"><subfield code="a">Publishers: C. Wheeler &amp; M.S. Mahoney, 1869-1873; M.S. Mahoney, 1873-1876; W.P. Brownlow, 1876-&lt;1883&gt;; Herald &amp; Tribune Co., &lt;1883-1894&gt;; F.L. Fornshell, &lt;1896-1906&gt;; H.C. Beauchamp, 1906-1911; Neil D. Ames, 1911-1912; W.F. Piper, 1912; H.D. Smith, &lt;1912&gt;; E.S. Depew, &lt;1917&gt;-1947; Tim Pridgen, 1947-1956; Herald and Tribune Inc., 1957-1980; County News Inc., 1980-1981; Jonesboro Pub. Co., 1981-.</subfield></datafield><datafield ind1=" " ind2=" " tag="588"><subfield code="a">Description based on: Vol. I, no. 1 (August 26, 1869); title from masthead (Chroniclingamerica.loc.gov, viewed January 22, 2014).</subfield></datafield><datafield ind1=" " ind2=" " tag="588"><subfield code="a">Latest issue consulted: Vol. XXVIII, no. 36 (Dec. 29, 1897) (Chroniclingamerica.loc.gov, viewed January 22, 2014).</subfield></datafield><datafield ind1=" " ind2="0" tag="651"><subfield code="a">Jonesborough (Tenn.)</subfield><subfield code="v">Newspapers.</subfield></datafield><datafield ind1=" " ind2="7" tag="655"><subfield code="a">Newspapers.</subfield><subfield code="2">fast</subfield><subfield code="0">(OCoLC)fst01423814</subfield></datafield><datafield ind1=" " ind2="7" tag="651"><subfield code="a">Tennessee</subfield><subfield code="z">Jonesborough.</subfield><subfield code="2">fast</subfield><subfield code="0">(OCoLC)fst01205924</subfield></datafield><datafield ind1=" " ind2=" " tag="752"><subfield code="a">United States</subfield><subfield code="b">Tennessee</subfield><subfield code="c">Washington</subfield><subfield code="d">Jonesborough.</subfield></datafield><datafield ind1="0" ind2="8" tag="776"><subfield code="i">Originally issued in print:</subfield><subfield code="t">Herald and tribune (Jonesborough, Tenn. 1869)</subfield><subfield code="x">2333-2921</subfield><subfield code="w">(DLC)sn 85033429</subfield><subfield code="w">(OCoLC)11961030</subfield></datafield><datafield ind1="4" ind2="0" tag="856"><subfield code="u">http://www.loc.gov/chroniclingamerica/lccn/sn85033429/issues</subfield></datafield></record>